<?xml version="1.0" encoding="UTF-8"?><collection xmlns="http://www.loc.gov/MARC21/slim"><record><leader>00405nam--2200121-i-4500</leader><controlfield tag="001">000005042</controlfield><controlfield tag="002">20161230</controlfield><controlfield tag="005">20161230201026</controlfield><controlfield tag="008">060222s1000------------r-----000-0-eng-d</controlfield><datafield ind1=" " ind2=" " tag="100"><subfield code="a">Dabek, W</subfield></datafield><datafield ind1=" " ind2=" " tag="245"><subfield code="a">Experimental reactor physics research by 1960 carried out in the experimental reactor physics group</subfield></datafield><datafield ind1=" " ind2=" " tag="260"><subfield code="a">Warsaw, Polish Academy Of Scineces, 1960</subfield></datafield><datafield ind1=" " ind2=" " tag="490"><subfield code="a">Reaktotagung, Rossendorf, 13-18, Vi, 1960</subfield></datafield></record></collection>